@book{homer1194iliad,
  title={Iliad},
  author={Homer},
  year={1194 BC},
  note={Chapter 18. 371 ff}  
}

@article{aaron2015automatones,
  author={Aaron J. Atsma},
  title={AUTOMATONES},
  year=2015,
  note={Available: http://www.theoi.com/Ther/Automotones.html , Accessed 2016-03-13}
}

@inbook{lie600liezi,
  author={Lie Yukou}, 
  title        = {Liezi},
  pages        = {83-86},
  year         = {600 BC}
}

@article{sarah1997lokapannatti ,
  author  = {Sarah L. Higley}, 
  title   = {Alien Intellect and the Roboticization of the Scientist},
  journal = {Camera Obscura},
  year    = 1997,
  number  = {1-2 40-41},
  pages   = {129-160},
  month   = 7,
  volume  = 14
}

@article{google2016car,
  title={Google Self-Driving Car Project},
  year=2016,
  note={Available: https://www.google.com/selfdrivingcar/ , Accessed 2016-03-13}
}

@article{tesla2016car,
  title={Your Autopilot has arrived},
  year=2016,
  note={Available: https://www.teslamotors.com/blog/your-autopilot-has-arrived, Accessed 2016-03-13}
}

@ARTICLE{liu2014bach,
   author = {{Liu}, I. and {Ramakrishnan}, B.},
    title = "{Bach in 2014: Music Composition with Recurrent Neural Network}",
  journal = {ArXiv e-prints},
archivePrefix = "arXiv",
   eprint = {1412.3191},
 primaryClass = "cs.AI",
 keywords = {Computer Science - Artificial Intelligence, Computer Science - Neural and Evolutionary Computing},
     year = 2014,
    month = dec,
   adsurl = {http://adsabs.harvard.edu/abs/2014arXiv1412.3191L},
  adsnote = {Provided by the SAO/NASA Astrophysics Data System}
}

@article{james2016art,
  author = {James Gould-Bourn},
  title={Man Combines Random People's Photos Using Neural Networks And The Results Are Amazing},
  year=2016,
  note={Available: http://goo.gl/11Lg2W, Accessed 2016-03-13}
}

@article{justin2016security,
  author = {Justin Mahboubian-Jones},
  title={Fully-automated security robots have arrived},
  year=2016,
  note={Available: https://www.pixeldynamo.com/news/2014/11/18/39782/real-life-robocop-sorts-way/, Accessed 2016-03-13}
}

@inbook{arthur1962limits,
  author       = {Arthur C. Clarke}, 
  title        = {Profiles of the Future},
  chapter      = {"Hazards of Prophecy: The Failure of Imagination"},
  publisher    = {Phoenix},
  year         = 1962
}

@article{michael2016warning,
  author = {Michael Sainato},
  title={Stephen Hawking, Elon Musk, and Bill Gates Warn About Artificial Intelligence},
  year=2015,
  note={Available: http://observer.com/2015/08/stephen-hawking-elon-musk-and-bill-gates-warn-about-artificial-intelligence/, Accessed 2016-03-13}
}

@article{luke2013agi,
  author = {Luke Muehlhauser},
  title={What is AGI?},
  year=2013,
  note={Available: https://intelligence.org/2013/08/11/what-is-agi/, Accessed 2016-03-13}
}

@ARTICLE{eyal1999turing,
   author = {Eyal Reingold},
    title = "{The Turing Test}",
     year = 1999,
   adsurl = {http://psych.utoronto.ca/users/reingold/courses/ai/turing.html}
}